% Encoding: UTF-8
% ========================================================================
%
%  Área de Teoria Ingenua dos conjuntos
%
% ========================================================================


% ===============================
% Livros
% ===============================
@book{sussana2010-MD,
	title={Discrete mathematics with applications},
	author={Epp, Susanna S},
	year={2010},
	publisher={Cengage learning}
}

@Book{menezes2010MD,
  title     = {{Matemática Discreta para Computação e Informática}},
  publisher = {Bookman},
  year      = {2010},
  author    = {Menezes, Paulo B.},
  volume    = {2},
}

@Book{lipschutz2013-MD,
  title     = {Matem{\'a}tica Discreta},
  publisher = {Bookman Editora},
  year      = {2013},
  author    = {Lipschutz, Seymour and Lipson, Marc},
  note      = {Coleção Schaum},
}

@book{carmo2013,
	title={Elementos de Matemática Discreta},
	author={Carmo, José and Gouveia, Paula and Dionísio, Francisco Miguel},
	year={2013},
	publisher={College Publications},
}

@book{halmos2001,
	title={Teoria ing{\^e}nua dos conjuntos},
	author={Halmos, Paul R},
	year={2001},
	publisher={Editora Ci{\^e}ncia Moderna}
}

@Book{lipschutz1978-TC,
  title     = {Teoria dos Conjuntos},
  publisher = {McGraw-Hill do Brasil},
  year      = {1978},
  author    = {Lipschutz, Seymour},
}

@book{abe1991-TC,
	title={Teoria Intuitiva dos Conjuntos},
	author={Abe, Jair Minoro and Papavero, Nelson},
	year={1991},
	publisher={MAKRON \textit{Books}}
}


% ===============================
% Artigos e coleções
% ===============================

@Article{cantor1895,
  author    = {Cantor, Georg},
  title     = {{Beitr{\"a}ge zur Begr{\"u}ndung der transfiniten Mengenlehre}},
  journal   = {Mathematische Annalen},
  year      = {1895},
  volume    = {46},
  number    = {4},
  pages     = {481--512},
  publisher = {Springer},
}

% ========================================================================
%
%  Área de Lógica
%
% ========================================================================

% ===============================
% Livros de Lógica e Prologo
% ===============================
@book{coq2013,
	title={Interactive theorem proving and program development: Coq’Art: the calculus of inductive constructions},
	author={Bertot, Yves and Cast{\'e}ran, Pierre},
	year={2013},
	publisher={Springer Science \& Business Media}
}

@book{velleman2019comProvar,
	title={How to prove it: A structured approach},
	author={Velleman, Daniel J},
	year={2019},
	publisher={Cambridge University Press}
}

@book{hamilton1988logic,
	title={Logic for mathematicians},
	author={Hamilton, Alan G},
	year={1988},
	publisher={Cambridge University Press}
}

@misc{russel1910principia,
	title={Principia mathematica},
	author={AN, Whitehead and Russell, B},
	year={1910},
	publisher={Cambridge}
}

@book{mendelson2009livro,
  title={Introduction to mathematical logic},
  author={Mendelson, Elliott},
  year={2009},
  publisher={CRC press}
}

@book{palazzo1997,
  title={Introdu{\c{c}}{\~a}o {\`a} programa{\c{c}}{\~a}o Prolog},
  author={Palazzo, Luiz A M},
  year={1997},
  publisher={EDUCAT, Editora da Universidade Cat{\'o}lica de Pelotas}
}

@book{copi1981,
  title={Introdu{\c{c}}{\~a}o {\`a} l{\'o}gica},
  author={Copi, Irving M},
  year={1981},
  publisher={Mestre Jou}
}

@book{mortari2001,
  title={Introdu{\c{c}}{\~a}o {\`a} l{\'o}gica},
  author={Mortari, Cezar A},
  year={2001},
  publisher={Unesp}
}

@book{joaoPavao2014,
  title={Lógica e Raciocínio},
  author={Martins, João Paiva},
  year={2014},
  publisher={College Publications},
}

@book{gentzen1969,
  title={The collected papers of Gerhard Gentzen},
  author={Szabo, Manfred Egon and others},
  volume={74},
  year={1969},
  publisher={North-Holland Amsterdam}
}

@book{edgar2002,
  title={Inicia{\c{c}}{\~a}o {\`a} l{\'o}gica matem{\'a}tica},
  author={de Alencar Filho, Edgard},
  year={2002},
  publisher={NBL Editora}
}

@book{leonidas2002,
  title={Lógica: Cálculo Sentencial, Cálculo de Predicados, Cálculo com Igualdades},
  author={Hegenberg, Leônidas},
  year={2012},
  edition={3ª},
  publisher={GEN}
}

@book{hilbert1999,
  title={Principles of mathematical logic},
  author={Hilbert, David and Ackermann, Wilhelm},
  volume={69},
  year={1999},
  publisher={American Mathematical Soc.}
}

@book{boole1854,
  title={An investigation of the laws of thought: on which are founded the mathematical theories of logic and probabilities},
  author={Boole, George},
  volume={2},
  year={1854},
  publisher={Walton and Maberly}
}

@book{boole1957,
  title={The Laws of Thought},
  author={Boole, George},
  year={1957},
  publisher={Dover, New York (original edition 1854)}
}

@book{tarski1983,
  title={Logic, semantics, metamathematics: papers from 1923 to 1938},
  author={Tarski, Alfred},
  year={1983},
  publisher={Hackett Publishing}
}

@Book{nunes2008,
  title     = {L{\'o}gica para Ci{\^e}ncia da Computa{\c{c}}{\~a}o e Áreas Afins},
  publisher = {Elsevier Brasil},
  year      = {2008},
  author    = {de Souza, João Nunes},
}

@Book{ayala2014,
  title     = {{Fundamentos da Programação Lógica e Funcional—O princípio de resolução e a teoria de reescrita}},
  publisher = {Editora UnB},
  year      = {2014},
  author    = {Ayala-Rincón, Mauricio and de Moura, F L Cavalcanti},
}

@book{robinson2001,
  title={Handbook of automated reasoning},
  author={Robinson, Alan JA and Voronkov, Andrei},
  volume={1},
  year={2001},
  publisher={Elsevier}
}

@book{abe2002-logica,
  title={Introdu{\c{c}}{\~a}o {\`a} L{\'o}gica para a Ci{\^e}ncia da Computa{\c{c}}{\~a}o},
  author={Abe, Jair Minoro},
  year={2002},
  publisher={Arte \& Ci{\^e}ncia}
}

@book{hodges1997,
	title={A shorter model theory},
	author={Hodges, Wilfrid and others},
	year={1997},
	publisher={Cambridge university press}
}

@Book{magnus2020,
  title     = {{Forall x: Calgary. An Introduction to Formal Logic}},
  publisher = {Fall 2020},
  year      = {2020},
  author    = {Magnus, P. D. and Button, Tim and Thomas-Bolduc, Aaron and Zach, Richard and Trueman, Robert},
}


% ===========================
% Artigos e coleções de lógica
% ===========================
@article{godel1931,
	title={{\"U}ber formal unentscheidbare S{\"a}tze der Principia Mathematica und verwandter Systeme I},
	author={G{\"o}del, Kurt},
	journal={Monatshefte f{\"u}r mathematik und physik},
	volume={38},
	number={1},
	pages={173--198},
	year={1931},
	publisher={Springer}
}

@article{jaskowski1934,
  title={On the rules of supposition in formal logic in the series},
  author={Jaskowski, S},
  journal={{Studia Logica: Wydawnictwo Poswiecone Logice i jej Historii}},
  year={1934}
}

@Article{meredith1954,
  author  = {Meredith, Carew A},
  title   = {{Single Axioms for the Systems (C,N), (C,O) and (A,N) and of the Two-Valued Propositional Calculus}},
  journal = {J. Comp. Syst.},
  year    = {1953},
  pages   = {155-164},
}

@article{fitch1953,
  title={Symbolic Logic, An Introduction},
  author={Fitch, Frederic Brenton},
  journal={American Journal of Physics},
  volume={21},
  number={3},
  pages={237--237},
  year={1953},
  publisher={American Association of Physics Teachers}
}

@article{robinson1965,
  title={A machine-oriented logic based on the resolution principle},
  author={Robinson, John Alan},
  journal={Journal of the ACM (JACM)},
  volume={12},
  number={1},
  pages={23--41},
  year={1965},
  publisher={ACM New York, NY, USA}
}

@article{lungarzo1972,
	title={La consistencia de la l{\'o}gica intuicionista},
	author={Lungarzo, Carlos Alberto},
	journal={Tarea},
	volume={3},
	pages={119--132},
	year={1972},
	publisher={Universidad Nacional de La Plata. Facultad de Humanidades y Ciencias de la~…}
}

@article{harel1979,
	title={First-order dynamic logic},
	author={Harel, David and others},
	journal={Lecture Notes Computer Sciences},
	number={9},
	pages={133},
	year={1979}
}

@incollection{robinson1983,
  title={The generalized resolution principle},
  author={Robinson, JA},
  booktitle={Automation of Reasoning},
  pages={135--151},
  year={1983},
  publisher={Springer}
}

@Article{da2008logica,
  author  = {da Silva Filho, Jo{\~a}o In{\'a}cio},
  title   = {{L{\'o}gica Paraconsistente e Probabilidade Pragm{\'a}tica no Tratamento de Incertezas}},
  journal = {Revista Sele{\c{c}}{\~a}o Documental},
  year    = {2008},
  number  = {9},
  pages   = {16--27},
}

@inproceedings{halpern1983,
	title={A hardware semantics based on temporal intervals},
	author={Halpern, Joseph and Manna, Zohar and Moszkowski, Ben},
	booktitle={International Colloquium on Automata, Languages, and Programming},
	pages={278--291},
	year={1983},
	organization={Springer}
}

@inproceedings{manna1979,
	title={The modal logic of programs},
	author={Manna, Zohar and Pnueli, Amir},
	booktitle={International Colloquium on Automata, Languages, and Programming},
	pages={385--409},
	year={1979},
	organization={Springer}
}

% ===========================
% Não publicados de lógica
% ===========================
@unpublished{BenjaV1, 
    author = {Bedregal, Benjamím and Acióly, Benedito Melo},
    title = {Introdução à Lógica Clássica para a Ciência da Computação},
    note = {Notas de aula},
    year= {2007}
}

@article{wos1988,
  title={Automated Reasoning: 33 basic research problems},
  author={Wos, Larry},
  journal={Journal of Symbolic Logic},
  volume={53},
  number={4},
  year={1988}
}

@unpublished{barreto1998,
  title={Fundamentos de Matemática Aplicada a Informática},
  author={Barreto, Jorge Muniz and Roisenberg, Mauro and Almeida, M. A. F. and Collazos, K.},
  year={1998},
  note = {Acessado em 06/06/2021 na página \url{http://www.inf.ufsc.br/~mauro.roisenberg/ine5381/leituras/apostila.pdf}}
}

% ===============================
% Teses e Dissertações de lógica
% ===============================
@PhdThesis{rodrigues2021,
	author = {Rodrigues, Douglas Alexandre},
	title = {Sobre a lógica da verdade pragmática em cálculo de sequentes},
	school = {Universidade Estadual Paulista },
	address = {São Paulo, Brasil},
	year = {2021}
}

@PhdThesis{silva2018,
	title={A lógica da verdade pragmática em um sistema de tableaux},
	author={Silva, Helen Gomes da},
	year={2018},
	address = {São Paulo, Brasil},
	school = {Universidade Estadual Paulista}
}


% ========================================================================
%
%  Área de Teoria da Computação
%
% ========================================================================

% ===============================
% Artigos de Computabilidade
% ===============================

@Article{herken1992,
  author  = {Herken, Rolf},
  title   = {{The universal Turing machine. A half-century survey}},
  journal = {Revue Philosophique de la France Et de l},
  year    = {1992},
  volume  = {182},
  number  = {3},
}

@article{turing1937,
	title={{On computable numbers, with an application to the Entscheidungsproblem}},
	author={Turing, Alan Mathison},
	journal={Proceedings of the London mathematical society},
	volume={2},
	number={1},
	pages={230-265},
	year={1937}
}

@misc{britton1992,
	title={Pure Mathematics, Collected Works of Alan Turing},
	author={Britton, JL},
	year={1992},
	publisher={New York: North Holland}
}

@article{church1936,

	title = {An Unsolvable Problem of Elementary Number Theory},
	author = {Alonzo Church},
	journal = {American Journal of Mathematics},
	number = {2},
	pages = {345--363},
	volume = {58},
	year = {1936}
}

@article{church1936b,
	title={A note on the Entscheidungsproblem},
	author={Church, Alonzo},
	journal={The journal of symbolic logic},
	volume={1},
	number={1},
	pages={40--41},
	year={1936},
	publisher={Cambridge University Press}
}

@Article{kleene1936,
  author    = {Kleene, Stephen Cole},
  title     = {{General recursive functions of natural numbers}},
  journal   = {Mathematische annalen},
  year      = {1936},
  volume    = {112},
  number    = {1},
  pages     = {727--742},
  publisher = {Springer},
}

@article{shepherdson1963,
	title={Computability of recursive functions},
	author={Shepherdson, John C and Sturgis, Howard E},
	journal={Journal of the ACM (JACM)},
	volume={10},
	number={2},
	pages={217--255},
	year={1963},
	publisher={ACM New York, NY, USA}
}

% ===============================
% Livros de Computabilidade
% ===============================
@book{sernadas2006,
  title={Fundamentos de L{\'o}gica e Teoria da Computa{\c{c}}ao},
  author={Sernadas, Am{\i}lcar and Sernadas, Cristina},
  publisher={College Publications},
  note={Coleção: Cadernos de Lógica e Computação},
  year={2012}
}

@book{hankin2004,
	title={{Introdução ao Lambda Cálculo}},
	author={Chris Hankin},
	publisher={College Publications},
	note={Coleção: Cadernos de Lógica e Computação},
	year={2004}
}

@book{ullman1992,
  title={Foundations of computer science},
  author={Aho, Alfred V and Ullman, Jeffrey D},
  year={1992},
  publisher={Computer Science Press, Inc.}
}

@book{hopcroft2008,
	title={{Introduction to Automata Theory, Languages and Computation}},
	author={Hopcroft, John E and Motwani, Rajeev and Ullman, Jeffrey D.},
	edition = {3ª},
	publisher={Pearson Education India},
	year={2008},
	Address  = {USA}
}

@book{linz2006,
	title={{An introduction to formal languages and automata}},
	author={Linz, Peter},
	publisher={Jones \& Bartlett Learning},
	year={2006},
	Address  = {USA}
}

@book{benjaLivro2010,
	title={{Introdu{\c{c}}{\~a}o {\`a} Teoria da Computa{\c{c}}{\~a}o: Linguagens Formais, Aut{\^o}matos e Computabilidade}},
	author={Bedregal, Benjamín and Aci{\'o}ly, B M and Lyra, A},
	publisher={Editora UnP},
	year={2010},
	Address  = {Natal}
}

@book{abramsky1992,
	title={{Handbook of Logic in Computer Science -- Volume 1 Background: Mathematical Structures}},
	author={Abramsky, A. and Cabbay, Dov M. and Maibaum, T. S. E.},
	publisher={Oxford University Press Inc.},
	year={1992},
	Address  = {New York, USA}
}

@book{fonseca2007,
	title={Hist{\'o}ria da computa{\c{c}}{\~a}o: O Caminho do Pensamento e da Tecnologia},
	author={Fonseca Filho, Cl{\'e}uzio},
	year={2007},
	publisher={EdiPucRS},
	Address  = {Porto Alegre}
}

@book{roberto1998,
	title={Modelos de computa{\c{c}}{\~a}o e sistemas formais},
	author={de Carvalho, Roberto Lins},
	year={1998},
	publisher={DCC/IM, COPPE/UFRJ, NCE-UFRJ}, 
	Address  = {Rio de Janeiro}
}

@Book{menezes2003,
  title     = {{Teoria da Computação: Máquinas Universais e Computabilidade}},
  publisher = {Sagra Luzzatto},
  year      = {2003},
  author    = {Menezes, Paulo B. and Diverio, Tiarajú A.},
  address   = {Porto Alegre},
}

@book{nelson1968,
	title={Introduction to automata},
	author={Nelson, Raymond John},
	year={1968},
	publisher={Wiley New York},
	Address = {New York}
}

@book{fitting2011,
	title={Fundamentals of generalized recursion theory},
	author={Fitting, Melvin},
	volume={105},
	year={2011},
	publisher={Elsevier}
}

@book{odifreddi1992,
	title={Classical recursion theory: The theory of functions and sets of natural numbers},
	author={Odifreddi, Piergiorgio},
	year={1992},
	publisher={Elsevier}
}

@book{cutland1980,
	title={Computability: An introduction to recursive function theory},
	author={Cutland, Nigel},
	year={1980},
	publisher={Cambridge university press}
}



% ========================================================================
%
%  Área de Teoria da Complexidade e análise de algoritmos
%
% ========================================================================


% ===============================================
% Livros de Complexidade e análise de algoritmos
% ===============================================
@book{jaime1994,
	title={Estruturas de Dados e seus Algoritmos},
	author={Szwarcfiter, Jayme Luiz and Markenzon, Lilian},
	volume={2},
	year={1994},
	publisher={Livros Tecnicos e Cientificos}
}


% ========================================================================
%
%  Área de Teoria dos típos
%
% ========================================================================


% ===============================================
% Artigos e coleções
% ===============================================

@inproceedings{sato2003,
	title={Calculi of meta-variables},
	author={Sato, Masahiko and Sakurai, Takafumi and Kameyama, Yukiyoshi and Igarashi, Atsushi},
	booktitle={International Workshop on Computer Science Logic},
	pages={484--497},
	year={2003},
	organization={Springer}
}



% ========================================================================
%
%  Área de Algoritmos e Engenharia de Software
%
% ========================================================================


% ===============================================
% Livros
% ===============================================

@Book{pressman2016,
  title     = {Engenharia de Software},
  publisher = {McGraw Hill Brasil},
  year      = {2016},
  author    = {Pressman, Roger and Maxim, Bruce},
  edition   = {8ª Edição},
}

@Book{sommerville2011,
  author  = {Sommerville, Ian},
  title   = {Software engineering},
  publisher = {Pearson},
  year    = {2011},
  edition   = {9ª Edição}
}



% ========================================================================
%
%  Área de Compiladores
%
% ========================================================================


% ===============================================
% Livros
% ===============================================

@Book{aho2007,
  title     = {{Compiladores: Princípios, Técnicas e ferramentas}},
  publisher = {Editora Pearson},
  year      = {2007},
  author    = {AHO, Alfred V and LAM, Monica S and SETHI, Ravi and ULLMAN, Jeffrey D},
  edition   = {2ª Edição},
}

@book{cooper2017,
	title={Construindo Compiladores},
	author={Cooper, Keith and Torczon, Linda},
	volume={1},
	year={2017},
	publisher={Elsevier Brasil}
}


% ========================================================================
%
%  Outras Áreas do Conhecimento
%
% ========================================================================

@article{einstein1905a,
	title={Zur elektrodynamik bewegter k{\"o}rper},
	author={Einstein, Albert},
	journal={Annalen der physik},
	volume={4},
	year={1905}
}

@incollection{einstein1905b,
	title={Ist die Tr{\"a}gheit eines K{\"o}rpers von seinem Energieinhalt abh{\"a}ngig?},
	author={von Meyenn, Karl},
	booktitle={Albert Einsteins Relativit{\"a}tstheorie},
	pages={156--159},
	year={1990},
	publisher={Springer}
}

@Article{einstein2005,
  author    = {Einstein, A},
  title     = {{Lichtgeschwindigkeit und Statik des Gravitationsfeldes [AdP 38, 355 (1912)]}},
  journal   = {Annalen der Physik},
  year      = {2005},
  volume    = {14},
  number    = {S1 1},
  pages     = {444--459},
  publisher = {Wiley Online Library},
}

@article{einstein1912b,
	title={Zur theorie des statischen gravitationsfeldes},
	author={Einstein, Albert},
	journal={Annalen der Physik},
	volume={343},
	number={7},
	pages={443--458},
	year={1912},
	publisher={Wiley Online Library}
}

@book{dirac1981,
	title={The principles of quantum mechanics},
	author={Dirac, Paul Adrien Maurice},
	number={27},
	year={1981},
	publisher={Oxford university press}
}

@article{bohr1937,
	title={Causality and complementarity},
	author={Bohr, Niels},
	journal={Philosophy of Science},
	volume={4},
	number={3},
	pages={289--298},
	year={1937},
	publisher={Williams and Wilkins Co.}
}

@article{schrodinger1926,
	title={Quantisierung als eigenwertproblem},
	author={Schr{\"o}dinger, Erwin},
	journal={Annalen der physik},
	volume={385},
	number={13},
	pages={437--490},
	year={1926},
	publisher={WILEY-VCH Verlag Leipzig}
}

@article{watson1953,
	title={Molecular structure of nucleic acids: a structure for deoxyribose nucleic acid},
	author={Watson, James D and Crick, Francis HC},
	journal={Nature},
	volume={171},
	number={4356},
	pages={737--738},
	year={1953},
	publisher={Nature Publishing Group}
}


%% ========================================================================
%% Meus trabalhos
%% ========================================================================
@MastersThesis{valdi2016master,
	Title                    = {{Linguagens Lineares Fuzzy}},
	Author                   = {Valdigleis S Costa},
	School                   = {{Programa de Pós-graduação em Sistemas e Computação, Universidade Federal do Rio Grande do Norte, UFRN}},
	Address                  = {Natal, RN},
	Year                     = {2016}
}

@PhdThesis{valdi2020phd,
	title					= {{Autômatos Fuzzy Hesitantes Típicos: Teoria e Aplicações}},
	author					= {Valdigleis S Costa},
	School					= {{Programa de Pós-graduação em Sistemas e Computação, Universidade Federal do Rio Grande do Norte, UFRN}},
	Address 				= {Natal, RN},
	year					= {2020}
}

@Book{coelho2010,
  title     = {{Teoria da Computação, Computabilidade e Complexidade}},
  publisher = {Escolar Editora},
  year      = {2010},
  author    = {Coelho, Francisco and Neto, João Pedro},
}

@Book{menezes1998LFA,
  title     = {{Linguagens Formais e Autômatos}},
  publisher = {Sagra-Dcluzzato},
  year      = {1998},
  author    = {Menezes, Paulo B.},
}

@Book{henk1992,
  title     = {{Lambda Calculi with Types}},
  publisher = {Oxford: Clarendon Press},
  year      = {1992},
  author    = {Barendregt, Henk P},
}

@Book{bare1984,
  title     = {{The Lambda Calculus Its Syntax and Semantics}},
  publisher = {Elsevier},
  year      = {1984},
  author    = {Barendregt, H. P.},
}

@Book{bimbo2019,
  title     = {{Combinatory Logic: Pure, Applied and Typed},},
  publisher = {{Chapman and Hall/CRC}},
  year      = {2019},
  author    = {Bimbó, Katalin},
}

@Book{knuth-livro,
  title     = {{Matemática Concreta: Fundamentos Para a Ciência da Computação}},
  publisher = {Gen LTC},
  year      = {2008},
  author    = {Graham, Ronald L and Knuth, Donald E and Patashnik, Oren},
  edition   = {2ª Edição},
}

@Comment{jabref-meta: databaseType:bibtex;}
